  @Manual{knitr,
    title = {knitr: A General-Purpose Package for Dynamic Report
      Generation in R},
    author = {Yihui Xie},
    year = {2018},
    note = {R package version 1.19},
    url = {https://yihui.name/knitr/},
  }

  @Book{knitrBook,
    title = {Dynamic Documents with {R} and knitr},
    author = {Yihui Xie},
    publisher = {Chapman and Hall/CRC},
    address = {Boca Raton, Florida},
    year = {2015},
    edition = {2nd},
    note = {ISBN 978-1498716963},
    url = {https://yihui.name/knitr/},
  }

  @InCollection{knitrReproducible,
    booktitle = {Implementing Reproducible Computational Research},
    editor = {Victoria Stodden and Friedrich Leisch and Roger D. Peng},
    title = {knitr: A Comprehensive Tool for Reproducible Research in
      {R}},
    author = {Yihui Xie},
    publisher = {Chapman and Hall/CRC},
    year = {2014},
    note = {ISBN 978-1466561595},
    url = {http://www.crcpress.com/product/isbn/9781466561595},
  }

@Article{jsonlite,
    title = {The jsonlite Package: A Practical and Consistent Mapping
      Between JSON Data and R Objects},
    author = {Jeroen Ooms},
    journal = {arXiv:1403.2805 [stat.CO]},
    year = {2014},
    url = {https://arxiv.org/abs/1403.2805},
  }

@book {expsmooth,
	title = {Forecasting with Exponential Smoothing},
	author = {Rob J.~Hyndman et.~al},
	year = {2008},
	publisher = {Springer Verlag},
	note = {ISBN 978-3-540-71916-8}
}

@book {Butler,
  title = {Saddlepoint Approximations with Applications},
  author = {Ronald W.~Butler},
  year = {2007},
  publisher = {Cambridge University Press},
  series = {Cambridge Series in Statistical and Probabilistic Mathematics},
  note = {ISBN 978-0-521-87250-8}
}

@book {gavin2,
  title = {Probability and Statistical Inference},
  author = {J.G.~Kalbfleisch},
  year = {1985},
  volume = {2},
  publisher = {Springer-Verlag},
  series = {Springer Texts in Statistics},
  note = {ISBN 0-387-96183-6}
}

@book {gavin1,
  title = {Probability and Statistical Inference},
  author = {J.G.~Kalbfleisch},
  year = {1985},
  volume = {1},
  publisher = {Springer-Verlag},
  series = {Springer Texts in Statistics},
  note = {ISBN 0-387-96144-5}
}

@book{Davison,
  title = {Statistical Models},
  author = {A.C.~Davison},
  year = {2009},
  publisher = {Cambridge University Press},
  series = {Cambridge Series in Statistical and Probabilistic Mathematics},
  note = {ISBN 978-0-521-73449-3}
}

@book {Hinkley,
  title = {Bootstrap Methods and Their Applications},
  author = {A.C.~Davison and D.V.~Hinley},
  series = {Cambridge Series in Statistical and Probabilistic Mathematics},
  year = {2007},
  publisher = {Cambridge University Press}
}

@book{Cowperwait,
  title = {Introductory Time Series with R},
  author = {Paul S.P.~Cowperwait and Andrew V.~Metcalfe},
  year = {2009},
  publisher = {Springer},
  series = {Use R!}
}

@INPROCEEDINGS{LatencyRate,
    author = {Dimitrios Stiliadis and Anujan Varma},
    title = {Latency-rate servers: A general model for analysis of traffic scheduling algorithms},
    booktitle = {in Proc. IEEE INFOCOM â€™96},
    year = {1996},
    pages = {111--119}
}

@book{Baccelli,
  author = {F.~Baccelli and P.~Bremaud},
  title = {Elements of Queueing Theory},
  subtitle = {Palm Martingale Calculus and Stochastic Recurrence},
  edition = {2nd},
  publisher = {Springer},
  year = {2003}
}

@book{JNKapur,
  author = {J.N.~Kapur},
  title = {Maximum-Entropy Models in Science and Engineering},
  edition = {1\textsuperscript{st}},
  publisher = {New Age International (P) Ltd.~Publishers},
  year = {1989},
  note = {ISBN 978-81-224-0216-2}
}

@book{GnFomin,
  author = {I.M.~Gelfand and S.V.~Fomin},
  title = {Calculus of Variations},
  year = {2000},
  publisher = {Dover},
  note = {ISBN 0-486-41148-5}
}


@article {CruzI,
  title = {A Calculus for Network Delay, Part I},
  subtitle = {Network Elements in Isolation},
  author = {R.L.~Cruz},
  journal = {IEEE Transactions On Information Theory},
  volume = {37},
  number = {1},
  year = {1991},
  month = {January}
}

@article {CruzII,
  title = {A Calculus for Network Delay, Part II},
  subtitle = {Network Analysis},
  author = {R.L.~Cruz},
  journal = {IEEE Transactions On Information Theory},
  volume = {37},
  number = {1},
  year = {1991},
  month = {January}
}

@article {HuiZhangMain,
  title = {Service Disciplines Fore Guaranteed Performance Service in Packet-Switching Networks},
  author = {Hui~Zhang},
  journal = {Proceedings of the IEEE},
  volume = {83},
  number = {10},
  month = {October},
  year = {1995}
}

@Manual {usccethbackhaul,
	title = {USCC Ethernet Backhaul Requirements},
	author = {Sheila Bruckner},
	year = {2014},
	month = {November},
	note = {To Backhaul Providers v9-2}
}


@Manual{rpart,
    title = {rpart: Recursive Partitioning and Regression Trees},
    author = {Terry Therneau and Beth Atkinson and Brian Ripley},
    year = {2015},
    note = {R package version 4.1-10},
    url = {https://CRAN.R-project.org/package=rpart},
  }

@Manual{ritself,
    title = {R: A Language and Environment for Statistical Computing},
    author = {{R Core Team}},
    organization = {R Foundation for Statistical Computing},
    address = {Vienna, Austria},
    year = {2016},
	note = {\url{https://www.R-project.org}},
    url = {https://www.R-project.org/},
  }


@Manual{twamprfc,
	title = {A Two-Way Active Measurement Protocol (TWAMP), rfc5357},
	author = {K. Hedayat Brix Networks et al.},
	organization = {Internet Engineering Taskforce},
	year = {2008},
	month = {October},
	note = {\url{https://tools.ietf.org/html/rfc5357}},
	url = {https://tools.ietf.org/html/rfc5357},
}

@book{wassermanNon,
  title = {All of Nonparametric Statistics},
  author = {Larry Wasserman},
  publisher = {Springer},
  year = {2010},
  note = {ISBN 978-1-4419-2044-7}
}
